<?xml version="1.0" encoding="UTF-8"?><collection xmlns="http://www.loc.gov/MARC21/slim"><record><leader>00615nam--2200193-i-4500</leader><controlfield tag="001">000042986</controlfield><controlfield tag="002">20161230</controlfield><controlfield tag="005">20161230201043</controlfield><controlfield tag="008">060222s1000------------r-----000-0-rum-d</controlfield><datafield ind1=" " ind2=" " tag="040"><subfield code="a">IFIN-HH</subfield></datafield><datafield ind1=" " ind2=" " tag="041"><subfield code="a">rum</subfield></datafield><datafield ind1=" " ind2=" " tag="080"><subfield code="a">51:539</subfield></datafield><datafield ind1="1" ind2=" " tag="100"><subfield code="a">Rizea, Constantin Vasile Margarit</subfield></datafield><datafield ind1="1" ind2="0" tag="245"><subfield code="a">Metode numerice pentru rezolvarea unor probleme la limita asociate ecuatiei schrodinger</subfield><subfield code="b">Teza</subfield><subfield code="c">Constantin vasile margarit rizea</subfield></datafield><datafield ind1=" " ind2=" " tag="260"><subfield code="a">Bucuresti</subfield><subfield code="b">Universitatea Bucuresti</subfield><subfield code="c">2003</subfield></datafield><datafield ind1=" " ind2=" " tag="300"><subfield code="a">127p</subfield></datafield><datafield ind1=" " ind2=" " tag="502"><subfield code="a">Conducator Stiintific Cpi Dr. Liviu Gr. Ixaru</subfield></datafield><datafield ind1=" " ind2=" " tag="852"><subfield code="a">81350</subfield><subfield code="c">523</subfield></datafield><datafield ind1=" " ind2=" " tag="CAT"><subfield code="a">Sys</subfield><subfield code="c">20110314</subfield><subfield code="h">155112</subfield></datafield></record></collection>